<record><leader>00000cas a22000007a 4500</leader><controlfield tag="001">13749704</controlfield><controlfield tag="008">860619d19081925mtuwr ne      0    0eng d</controlfield><datafield ind1=" " ind2=" " tag="010"><subfield code="a">sn 86075230 </subfield></datafield><datafield ind1=" " ind2=" " tag="040"><subfield code="a">MTL</subfield><subfield code="b">eng</subfield><subfield code="c">MTL</subfield><subfield code="d">OCLCQ</subfield></datafield><datafield ind1=" " ind2=" " tag="042"><subfield code="a">msc</subfield></datafield><datafield ind1="0" ind2="4" tag="245"><subfield code="a">The Hardin tribune.</subfield></datafield><datafield ind1=" " ind2=" " tag="260"><subfield code="a">Hardin, Mont. :</subfield><subfield code="b">E.H. Rathbone,</subfield><subfield code="c">-1925.</subfield></datafield><datafield ind1=" " ind2=" " tag="300"><subfield code="a">18 v. :</subfield><subfield code="b">ill. ;</subfield><subfield code="c">58 cm.</subfield></datafield><datafield ind1=" " ind2=" " tag="310"><subfield code="a">Weekly</subfield></datafield><datafield ind1="0" ind2=" " tag="362"><subfield code="a">-v. 18, no. 3 (Jan. 16, 1925).</subfield></datafield><datafield ind1="1" ind2=" " tag="362"><subfield code="a">Began Jan. 1, 1908</subfield><subfield code="z">Cf. Gregory, W. Amer. newspapers 1821-1936.</subfield></datafield><datafield ind1=" " ind2=" " tag="588"><subfield code="a">Description based on: Vol. 1, no. 5 (Feb. 7, 1908).</subfield></datafield><datafield ind1=" " ind2=" " tag="752"><subfield code="a">United States</subfield><subfield code="b">Montana</subfield><subfield code="c">Big Horn</subfield><subfield code="d">Hardin.</subfield></datafield><datafield ind1="0" ind2="7" tag="785"><subfield code="t">Hardin herald (1919)</subfield><subfield code="w">(DLC)sn 86075231</subfield></datafield><datafield ind1="0" ind2="7" tag="785"><subfield code="t">Hardin tribune-herald</subfield><subfield code="w">(DLC)sn 86075229</subfield></datafield><datafield ind1="1" ind2=" " tag="029"><subfield code="a">AU@</subfield><subfield code="b">000023602650</subfield></datafield></record>